% This file was created with JabRef 2.10b2.
% Encoding: UTF-8


% Referências
@Article{SilvaFilho2007,
  Title                    = {A evas\~{a}o no ensino superior brasileiro},
  Author                   = {Roberto Leal Lobo e {Silva Filho} and Paulo Roberto Montejunas and Oscar Hipólito and Maria Beatriz de Carvalho Melo Lobo},
  Journal                  = {Cadernos de Pesquisa},
  Year                     = {2007},
  Number                   = {132},
  Pages                    = {641--659},
  Volume                   = {37},

  Mounth                   = {set./dez},
  Subtitle                 = {},
  Timestamp                = {2018.09.17}
}

@Article{Thiago2017,
  Title                    = {Comparação entre banco de dados relacional e não relacional em arquitetura distribuída},
  Author                   = {Thiago da Silva C{\^o}rrea and Daniela Edvana Costa de Almeida and Armando Ferraz {Graça Neto}},
  Journal                  = {III SEMINÁRIO DE DESENVOLVIMENTO EM SOA COM CLOUD COMPUTING E CONECTIVIDADE},
  Year                     = {2017},
  Number                   = {},
  Pages                    = {},
  Volume                   = {},

  Mounth                   = {setembro},
  Subtitle                 = {},
  Timestamp                = {2018.09.18}
}

@Book{Marquesone2016,
  Title                    = {Big Data},
  Subtitle                 = {Técnicas e tecnologias para extração de valor dos dados},
  Author                   = {Rosangela Marquesone},
  Publisher                = {Casa do Código},
  Year                     = {2016},

  Address                  = {São Paulo},
  Edition                  = {1},

  Page                     = {7-18},
  Timestamp                = {2018.09.26}
}

@Article{Singh2015,
  Title                    = {Survey on Big Data Using Data Mining},
  Author                   = {Siddharth Singh and Tuba Firdaus and Dr. A.K. Sharma},
  Journal                  = {International Journal of Engineering Development and Research},
  Year                     = {2015},
  Number                   = {},
  Pages                    = {},
  Volume                   = {3},

  Mounth                   = {setembro},
  Subtitle                 = {},
  Timestamp                = {2018.09.26}
}

@Misc{IBM2018,
  Title                    = {Extracting business value from the 4 V's of big data},

  Author                   = {IBM},
  Year                     = {2018},

  Timestamp                = {2018.09.29},
  Url                      = {https://www.ibmbigdatahub.com/infographic/extracting-business-value-4-vs-big-data},
  Urlaccessdate            = {29 de setembro de 2018}
}

@Manual{Chapman2000,
  Title                    = {CRISP-DM 1.0},
  Author                   = {Pete Chapman and Julian Clinton and Randy Kerber and Thomas Khabaza and Thomas Reinartz and Colin Shearer and Rüdiger Wirth},
  Organization             = {SPSS},
  Year                     = {2000},

  Bdsk-url-1               = {ftp://ftp.software.ibm.com/software/analytics/spss/support/Modeler/Documentation/14/UserManual/CRISP-DM.pdf},
  Pages                    = {76},
  Subtitle                 = {},
  Timestamp                = {2018.09.29},
  Url                      = {ftp://ftp.software.ibm.com/software/analytics/spss/support/Modeler/Documentation/14/UserManual/CRISP-DM.pdf},
  Urlaccessdate            = {29 de setembro de 2018}
}

@Article{Shearer2000,
  Title                    = {The CRISP-DM Model: The New Blueprint for Data Mining},
  Author                   = {Colin Shearer},
  Journal                  = {Journal of Data Warehousing},
  Year                     = {2000},
  Number                   = {4},
  Pages                    = {14-19},
  Volume                   = {5},

  Mounth                   = {setembro},
  Subtitle                 = {},
  Timestamp                = {2018.09.30}
}

@Misc{INEP2016,
  Title                    = {Censo da Educação Superior 2015},

  Author                   = {INEP},
  Year                     = {2016},

  Timestamp                = {2018.10.01},
  Url                      = {https://www.abmes.org.br/documentos/detalhe/491/principais-documentos-censo-da-educacao-superior-2015},
  Urlaccessdate            = {01 de outubro de 2018}
}

@Article{Santos2018,
  Title                    = {Evasão na Educação Superior},
  Author                   = {Robson Bento Santos and Ana Karenina Bezerra Ferreira and Carolina Silva Rosendo de Melo and Raquel de Santana Silva Mendes de Souza},
  Journal                  = {SIMPCONT},
  Year                     = {2018},
  Number                   = {1},
  Volume                   = {3},

  Mounth                   = {outubro},
  Subtitle                 = {UM ESTUDO DO IMPACTO DA EVASÃO
SOBRE OS CUSTOS DAS UNIVERSIDADES FEDERAIS BRASILEIRAS},
  Timestamp                = {2018.10.01}
}

@Article{Castro2018,
  Title                    = {Applying CRISP-DM in a KDD Process for the Analysis of Student Attrition},
   Author                   = {Luis Fernando Castro and Esperanza Espitia and Andrés Felipe Montilla},
  Journal                  = {Colombian Conference on Computing},
  Year                     = {2018},
  Number                   = {},
  Pages                    = {386-401},
  Volume                   = {13},

  Mounth                   = {outubro},
  Subtitle                 = {},
  Timestamp                = {2018.10.01}
}

@Article{CorneliusJunior2015,
  Title                    = {Uso da Mineração de Dados na Identificação de Alunos com Perfil de Evasão do Ensino Superior},
   Author                   = {Romeu {Cornelius Junior}},
  Journal                  = {},
  Year                     = {2015},
  Number                   = {},
  Pages                    = {},
  Volume                   = {},

  Mounth                   = {outubro},
  Subtitle                 = {},
  Timestamp                = {2018.10.01}
}

@Article{Marques2015,
  Title                    = {Mineração de Dados Educacionais para a Predição de
Desempenho Acadêmico em Cursos Universitários},
   Author                   = {Maitê Marques and Maria do Carmo Nicoletti},
  Journal                  = {},
  Year                     = {2015},
  Number                   = {},
  Pages                    = {},
  Volume                   = {},

  Mounth                   = {outubro},
  Subtitle                 = {},
  Timestamp                = {2018.10.01}
}

@Article{Rigo2015,
  Title                    = {Minerando Dados Educacionais com foco na evasão escolar},
   Author                   = {Sandro J. Rigo and Silvio C. Cazella and Wagner Cambruzzi},
  Journal                  = {},
  Year                     = {2012},
  Number                   = {},
  Pages                    = {},
  Volume                   = {},

  Mounth                   = {outubro},
  Subtitle                 = {oportunidades, desafios e necessidades},
  Timestamp                = {2018.10.01}
}

@Book{Tinto1987,
  Title                    = {Leaving College},
  Subtitle                 = {Rethinking the Causes and Cures of Student Attrition},
  Author                   = {Vincent Tinto},
  Publisher                = {University of Chicago Press},
  Year                     = {1987},

  Address                  = {Chicago},
  Edition                  = {2},

  Page                     = {},
  Timestamp                = {2018.10.01}
}

@Article{Andriola2006,
  Title                    = {Opiniões de docentes e de coordenadores acerca do fenômeno da evasão discente dos cursos de graduação da Universidade Federal do Ceará (UFC)},
  Author                   = {Wagner {Bandeira Andriola} and Cristiany {Gomes Andriola} and Cristiane Pascoal Moura},
  Year                     = {2012},
  Number                   = {52},
  Pages                    = {365-382},
  Volume                   = {14},

  Address                  = {Rio de Janeiro},
  Timestamp                = {2018.10.01},
}

@Article{Babosa2017,
  Title                    = {Mineração de Dados em Ambientes Virtuais de Aprendizagem},
  Subtitle                 = {Aportes para a Pesquisa em Educação a Distância},
  Author                   = {Anabela Aparecida Silva Babosa and Rafael Nink de Carvalho and Fábio Santos Andrade},
  Year                     = {2012},
  Number                   = {52},
  Pages                    = {365-382},
  Volume                   = {14},

  Address                  = {Rio de Janeiro},
  Timestamp                = {2018.10.01},
}

@Article{Patil2016,
  Title                    = {Review of Web Crawlers with Specification and
Working},
  Subtitle                 = {},
  Journal                  = {International Journal of Advanced Research in Computer and Communication Engineering},
  Author                   = {{Yugandhara Patil} and {Sonal Patil}},
  Year                     = {2016},
  Number                   = {1},
  Pages                    = {},
  Volume                   = {5},

  Address                  = {},
  Timestamp                = {2018.10.07}
}

@Misc{D3,
  Title                    = {D3},
  Subtitle                 = {Data-Driven Documents},
  Author                   = {Mike Bostock},
  Year                     = {2017},

  Key                      = {},
  Timestamp                = {2018.10.07},
  Url                      = {https://d3js.org/},
  Urlaccessdate            = {7 de outubro de 2018}
}

@Book{EMC2015,
  Title                    = {Data Science and Bid Data Analytics},
  Subtitle                 = {Discovering, Analyzing, Visualizing and Presenting Data},
  Author                   = {{EMC Education Services}},
  Publisher                = {John Wiley & Sons, Inc},
  Year                     = {2015},

  Address                  = {},
  Edition                  = {1},

  Page                     = {300-301},
  Timestamp                = {2018.10.07}
}

@Misc{Microsoft2018,
  Title                    = {O que é visualização de dados?},

  Author                   = {{Microsoft Power BI}},
  Year                     = {2018},

  Timestamp                = {2018.10.10},
  Url                      = {https://powerbi.microsoft.com/pt-br/data-visualization/},
  Urlaccessdate            = {10 de outubro de 2018}
}

@PhdThesis{Pereira2003,
  Title                    = {Determinantes da Evasão de Alunos e os Custos Ocultos para as Instituições de Ensino Superior},
  Subtitle                 = {Uma Aplicação na Universidade do Extremo Sul Catarinense},
  Author                   = {Fernanda Cristina Barbosa Pereira},
  School                   = {Departamento de Engenharia de Produção e Sistemas, Universidade Federal de Santa Catarina},
  Year                     = {2003},

  Address                  = {Florianópolis},
  Type                     = {Doutorado em Engenharia de Produção},

  Pages                    = {46-49},
  Timestamp                = {2003.10.16},
  Year-presented           = {Outubro 2003}
}

@Manual{SESu1997,
  Author                   = {SESu/MEC},
  Organization             = {Comissão Especial de Estudos sobre a Evasão nas Universidades Públicas Brasileiras},
  Year                     = {1997},

  Timestamp                = {2014.10.16},
  Urlaccessdate            = {13 de outubro de 2018}
}

@Article{Lamers2017,
  Title                    = {Retenção e Evasão no Ensino Superior Público},
  Subtitle                 = {Estudo de Caso em um Curso Noturno de Odontologia},
  Author                   = {Juliana Maciel de Souza Lamers and Bettina Steren dos Santos and Ramona Fernanda Ceriotti Toassi},
  Journal                  = {Educação em Revista},
  Year                     = {2017},
  Number                   = {33},
  Timestamp                = {2014.10.16}
}

@Article{Ramos2011,
  Title                    = {Ações para o combate a retenção e evasão acadêmica e qualificação do ensino da graduação em Nutrição da Universidade Federal do RS.},
   Author                   = {Maurem Ramos and Adriana Machado and Marcelisa Monteiro},
  Journal                  = {Salão de Ensino},
  Year                     = {2011},
  Number                   = {7},
  Mounth                   = {Outubro},
  Subtitle                 = {},
  Timestamp                = {2018.10.20}
}

@Book{Weis1999,
  Title                    = {Predict Data Mining},
  Author                   = {Sholom M. Weis and Nitim Indurkhya},
  Publisher                = {Morgan Kaufmann Publisheres, Inc.},
  Year                     = {1999},
  Timestamp                = {2018.10.20}
}

@Article{Cortes2002,
  Title                    = {Mineração de Dados},
  Subtitle                 = {Funcionalidades, Técnicas e Abordagens},
  Author                   = {S{\´e}rgio da Costa C{\^o}rtes and Rosa Maria Porcaro and S{\´e}rgio Lifschitz},
  Year                     = {2002},
  Mounth                   = {Maio},
  Timestamp                = {2018.10.20}
}

@Article{Adriaans1996,
  Title                    = {Data Mining},
  Author                   = {Pieter Adriaans and Dolf Zantinge},
  Year                     = {1996},
  Mounth                   = {Junho},
  Timestamp                = {2018.10.20}
}

@Article{Camilo2009,
  Title                    = {Mineração de Dados},
  Subtitle                 = {Conceitos, Tarefas, Métodos e Ferramentas},
  Author                   = {C{\´a}ssio Oliveira Camilo and Jo{\~a}o Carlos da Silva},
  Year                     = {2009},
  Mounth                   = {Agosto},
  Timestamp                = {2018.10.20}
}

@Article{Liaw2002,
  title={Classification and regression by randomForest},
  author={Liaw, Andy and Wiener, Matthew and others},
  journal={R news},
  volume={2},
  number={3},
  pages={18--22},
  year={2002}
}

@Book{Geron2017,
    title={Hands-on machine learning with Scikit-Learn and TensorFlow: concepts, tools, and techniques to build intelligent systems},
    author={Geron, Aurelien},
    publisher={O’Reilly Media, Inc.},
    year={2017}
}

@Article{Silva2012,
  Title                    = {Análise de Evasão no Ensino Superior},
  Subtitle                 = {Uma proposta de diagnóstico de seus determinantes},
  Author                   = {Glauco Peres da Silva},
  Year                     = {2012},
  Mounth                   = {Outubro},
  Timestamp                = {2018.10.23}
}

@PhdThesis{Caetano2016,
  Title                    = {O Uso de Técnicas de Aprendizado de Máquina na Predição de Desempenho Acadêmico de Alunos em Cursos Superiores},
  Author                   = {Mait{\^e} Marques Caetano},
  School                   = {Faculdade Campo Limpo Paulista},
  Year                     = {2016},
  Type                     = {Mestrado em Ciência da Computação},
  Timestamp                = {2003.10.23},
  Year-presented           = {Outubro 2016}
}

@incollection{JAI03SBC:2012,
  author 	= {Goldman, Alfredo and Kon, Fabio and Pereira Junior, Francisco and Polato, Ivanilton and de F\'{a}tima Pereira, Rosangela},
  booktitle = {Anais do XXXII Congresso da Sociedade Brasileira de Computa\c{c}\~{a}o, XXXI Jornadas de Atualiza\c{c}\~{a}o em Inform\'{a}tica (JAI)},
  title 	= {{Apache Hadoop: conceitos te\'{o}ricos e pr\'{a}ticos, evolu\c{c}\~{a}o e novas possibilidades}},
  address 	= {Curitiba, Paran\'{a}, Brasil},
  year 		= {2012},
  pages		= {88--136}
}


% ---------------------------------------------
% Modelos 
@Manual{abnTeX22014b,
  Title                    = {A classe abntex2},
  Author                   = {abnTeX2 and Lauro C\'{e}sar Araujo},
  Organization             = {Equipe abnTeX2},
  Year                     = {2014},

  Bdsk-url-1               = {http://code.google.com/p/abntex2/wiki/Download},
  Pages                    = {46},
  Subtitle                 = {Documentos t\'{e}cnicos e cient\'{i}ficos brasileiros compat\'{i}veis com as normas ABNT},
  Timestamp                = {2014.09.27},
  Url                      = {http://abntex2.googlecode.com/},
  Urlaccessdate            = {12 de setembro de 2014}
}

@Manual{abnTeX22014d,
  Title                    = {O pacote abntex2cite},
  Author                   = {abnTeX2 and Lauro C\{\textquoteright}{e}sar Araujo},
  Organization             = {Equipe abnTeX2},
  Year                     = {2014},

  Bdsk-url-1               = {http://code.google.com/p/abntex2/wiki/Download},
  Pages                    = {91},
  Subtitle                 = {Estilos bibliogr\'{a}ficos compat\'{i}veis com a ABNT NBR 6023},
  Timestamp                = {2014.09.27},
  Url                      = {http://abntex2.googlecode.com/},
  Urlaccessdate            = {12 de setembro de 2014}
}

@Manual{abnTeX22014c,
  Title                    = {O pacote abntex2cite},
  Author                   = { Lauro C\'{e}sar Araujo and abnTeX2 },
  Organization             = {Equipe abnTeX2},
  Year                     = {2014},

  Bdsk-url-1               = {http://code.google.com/p/abntex2/wiki/Download},
  Pages                    = {23},
  Subtitle                 = {T\'{o}picos espec\'{i}ficos da ABNT NBR 10520:2002 e o estilo bibliogr\'{a}fico alfab\'{e}tico (sistema autor-data)},
  Timestamp                = {2014.09.27},
  Url                      = {http://abntex2.googlecode.com/},
  Urlaccessdate            = {12 de setembro de 2014}
}

@Book{Barbosa2004,
  Title                    = {Testando a utiliza{\c c}\~ao de ``et al.''},
  Author                   = {Carlos Barbosa and {Maria da} Silva Cardoso and {Tenitos da} Silva and Carminda Soares},
  Publisher                = {Editora},
  Year                     = {2004},

  Address                  = {Cidade},
  Edition                  = {2},

  Page                     = {5},
  Timestamp                = {2014.09.24}
}

@Misc{BibTeX2014,
  Title                    = {BibTeX.org},

  Author                   = {BibTeX},
  Year                     = {2014},

  Timestamp                = {2014.09.27},
  Url                      = {http://www.bibtex.org},
  Urlaccessdate            = {31 de julho de 2014}
}

@Book{Buerger1989,
  Title                    = {LaTeX for scientists and engineers},
  Author                   = {Buerger, David John},
  Publisher                = {McGraw-Hill},
  Year                     = {1989},

  Address                  = {Singapura},

  Timestamp                = {2014.09.27}
}

@Article{Carvalho2001,
  Title                    = {Intelig{\^e}ncia competitiva numa vis\~ao de futuro},
  Author                   = {Cl\{\textquoteright}{a}udia Carvalho and Jos\'{e} Fajardo and Joaquim Cruz},
  Journal                  = {DataGramaZero - Revista da Ci{\^e}ncia da Informa{\c c}\~ao},
  Year                     = {2001},
  Number                   = {3},
  Pages                    = {12--16},
  Volume                   = {2},

  Mounth                   = {junho},
  Subtitle                 = {proposta metodol\'{o}gica},
  Timestamp                = {2014.09.27}
}

@Book{Goossens2007,
  Title                    = {The LaTeX graphics companion},
  Author                   = {Goossens, Michel and Mittelbach, Frank and Rahtz, Sebastian and Roegel, Denis and Voss, Herbert},
  Publisher                = {Addison-Wesley},
  Year                     = {2007},

  Address                  = {Boston},
  Edition                  = {2},

  Timestamp                = {2014.09.27}
}

@Misc{IRL2014,
  Title                    = {Internet Research Laboratory},

  Author                   = {IRL},
  Year                     = {2014},

  Key                      = {IRL},
  Timestamp                = {2014.09.24},
  Url                      = {http://irl.cs.ucla.edu/topology},
  Urlaccessdate            = {8 de mar{\c c}o de 2014}
}

@Book{Kopka2003,
  Title                    = {Guide to LaTeX},
  Author                   = {Kopka, Helmut and Daly, Patrick W.},
  Publisher                = {Addison-Wesley},
  Year                     = {2003},

  Address                  = {Boston},
  Edition                  = {4},

  Timestamp                = {2014.09.27}
}

@Book{Lamport1986,
  Title                    = {LaTeX: a document preparation system},
  Author                   = {Lamport, Leslie},
  Publisher                = {Addison-Wesley},
  Year                     = {1986},

  Address                  = {Boston},

  Timestamp                = {2014.09.27}
}

@Misc{LaTeX2014,
  Title                    = {The LaTeX project},

  Author                   = {LaTeX},
  Year                     = {2014},

  Timestamp                = {2014.09.27},
  Url                      = {http://www.latex-project.org},
  Urlaccessdate            = {31 de julho de 2014}
}

@Book{Maturana2003,
  Title                    = {A \'{A}rvore do Conhecimento},
  Author                   = {Humberto R. Maturana and Francisco J. Varela},
  Publisher                = {Editora Palas Athena},
  Year                     = {2003},

  Address                  = {S\~ao Paulo},
  Edition                  = {3},

  Page                     = {283},
  Subtitle                 = {as bases biol\'{o}gicas da compreens\~{a}o humana},
  Timestamp                = {2014.09.27}
}

@Book{Mittelbach2004,
  Title                    = {The LaTeX companion},
  Author                   = {Mittelbach, Frank and Goossens, Michel and Braams, Johannes and Carlisle, David and Rowley, Chris},
  Publisher                = {Addison-Wesley},
  Year                     = {2004},

  Address                  = {Boston},
  Edition                  = {2},

  Timestamp                = {2014.09.27}
}

@PhdThesis{Neubert2001,
  Title                    = {Algoritmos Distribu\'{i}dos para a Constru{\c c}\~ao de Arquivos Invertidos},
  Author                   = {Marden Silveira Neubert},
  School                   = {Departamento de Computa{\c c}\~ao, Universidade Federal de Minas Gerais},
  Year                     = {2001},

  Address                  = {Belo Horizonte},
  Type                     = {Doutorado em Ci{\^e}ncia da Computa{\c c}\~ao},

  Pagename                 = {f.},
  Pages                    = {145},
  Timestamp                = {2014.09.26},
  Year-presented           = {Mar{\c c}o 2001}
}

@MastersThesis{Santos2003,
  Title                    = {Aspectos Conceituais e Arquiteturais para a Cria{\c c}\~ao de Linhagens de Agentes de Software Cognitivos e Situados},
  Author                   = {Bruno Andr\'{e} Santos},
  School                   = {Centro Federal de Educa{\c c}\~ao Tecnol\'{o}gica de Minas Gerais},
  Year                     = {2003},

  Address                  = {Belo Horizonte},
  Type                     = {Mestrado em Tecnologia -- Nome da \'{a}rea de concentra{\c c}\~ao},

  Key                      = {intelig{\^e}ncia artificial, agentes inteligentes, cogni{\c c}\~ao situada},
  Pagename                 = {f.},
  Pages                    = {130},
  Timestamp                = {2014.09.26},
  Year-presented           = {Junho 2003}
}

@Book{Silva2000,
  Title                    = {A Intelig{\^e}ncia da Complexidade},
  Author                   = {Silva, Joaquim and Souza, Jo\~ao {Luiz de}},
  Publisher                = {Editora Petr\'{o}polis},
  Year                     = {2000},

  Address                  = {S\~ao Paulo},

  Timestamp                = {2014.09.24}
}

@MastersThesis{Souza2012,
  Title                    = {Recupera{\c c}\~ao de V\'{i}deos Baseada em Conte\'{u}do em um Sistema de Informa{\c c}\~ao para Apoio \`{a} An\'{a}lise do Discurso Televisivo},
  Author                   = {Celso {Luiz de} Souza},
  School                   = {Centro Federal de Educa{\c c}\~ao Tecnol\'{o}gica de Minas Gerais},
  Year                     = {2012},

  Address                  = {Belo Horizonte},
  Type                     = {Mestrado em Modelagem Matem\'{a}tica e Computacional -- Sistemas Inteligentes},

  Pagename                 = {f.},
  Pages                    = {130},
  Timestamp                = {2014.09.26},
  Year-presented           = {Outubro 2011}
}

@Article{vanGELDER1998,
  Title                    = {Disentangling Dynamics, Computation and Cognition},
  Author                   = {Tim {van GELDER}},
  Journal                  = {Behavioral and Brain Sciences},
  Year                     = {1998},
  Pages                    = {40--47},
  Volume                   = {21},

  Key                      = {cognitive science, digital computer, dynamical hypothesis, dynamical system},
  Timestamp                = {2014.09.26}
}

@Manual{NBR14724:2011,
  Title                    = {{ABNT NBR} 14724},

  Address                  = {Rio de Janeiro},
  Month                    = mar,
  Organization             = {Associa{\c c}\~ao Brasileira de Normas T\'ecnicas},
  Year                     = {2011},

  Org-short                = {ABNT},
  Pages                    = {11},
  Subtitle                 = {Informa{\c c}\~ao e documenta{\c c}\~ao --- Trabalhos acad\^emicos --- Apresenta{\c c}\~ao},
  Timestamp                = {2014.09.27}
}

@Manual{NBR15287:2005,
  Title                    = {{ABNT NBR} 15287},

  Address                  = {Rio de Janeiro},
  Month                    = {dez.},
  Organization             = {Associa{\c c}\~ao Brasileira de Normas T\'ecnicas},
  Year                     = {2005},

  Org-short                = {ABNT},
  Pages                    = {6},
  Subtitle                 = {Informa{\c c}\~ao e documenta{\c c}\~ao --- Projeto de pesquisa --- Apresenta{\c c}\~ao},
  Timestamp                = {2014.09.27}
}

@Manual{NBR10520:2002,
  Title                    = {{NBR} 10520},

  Address                  = {Rio de Janeiro},
  Month                    = {ago.},
  Organization             = {Associa{\c c}\~ao Brasileira de Normas T\'ecnicas},
  Year                     = {2002},

  Org-short                = {ABNT},
  Pages                    = {7},
  Subtitle                 = {Informa{\c c}\~ao e documenta{\c c}\~ao --- Cita{\c c}\~oes em documentos --- Apresenta{\c c}\~ao},
  Timestamp                = {2014.09.27}
}

@Manual{NBR6023:2002,
  Title                    = {{NBR} 6023},

  Address                  = {Rio de Janeiro},
  Month                    = {ago.},
  Organization             = {Associa{\c c}\~ao Brasileira de Normas T\'ecnicas},
  Year                     = {2002},

  Org-short                = {ABNT},
  Pages                    = {24},
  Subtitle                 = {Informa{\c c}\~ao e documenta{\c c}\~ao --- Refer\^encias --- Elabora{\c c}\~ao},
  Timestamp                = {2014.09.27}
}


@online{URI,
  author = {URI, Online Judge},
  title = {URI Online Judge},
  year = 2019,
  url = {https://www.urionlinejudge.com.br/},
  urldate = {2019-10-26}
}

@online{URIAcademic,
  author = {{URI ACADEMIC}, Online Judge},
  title = {URI Online Judge Academic},
  year = 2019,
  url = {https://www.urionlinejudge.com.br/academic/},
  urldate = {2019-10-26}
}

@online{MomentJS,
  author = {Moment.js},
  title = {Moment.js},
  year = 2019,
  url = {https://momentjs.com/},
  urldate = {2019-10-26}
}

@INPROCEEDINGS{Tesarik2008, 
    author={J. {Tesarik} and L. {Dolezal} and C. {Kollmann}}, 
    booktitle={2008 First International Conference on the Applications of Digital Information and Web Technologies (ICADIWT)}, 
    title={User interface design practices in simple single page web applications}, 
    year={2008}, 
    volume={}, 
    number={}, 
    pages={223-228}, 
    keywords={user interfaces;Web design;user interface design;Web applications}, 
    doi={10.1109/ICADIWT.2008.4664349}, 
    ISSN={}, 
    month={Aug}
}

@article{NAGEKERKE1991,
  title={A note on a general definition of the coefficient of determination},
  author={Nagelkerke, Nico JD and others},
  journal={Biometrika},
  volume={78},
  number={3},
  pages={691--692},
  year={1991},
  publisher={Oxford University Press}
}